@article{1,
  author    = {Federico Baldassarre and
               Diego Gonz{\'{a}}lez Mor{\'{\i}}n and
               Lucas Rod{\'{e}}s{-}Guirao},
  title     = {Deep Koalarization: Image Colorization using CNNs and Inception-ResNet-v2},
  journal   = {CoRR},
  volume    = {abs/1712.03400},
  year      = {2017},
  url       = {http://arxiv.org/abs/1712.03400},
  eprinttype = {arXiv},
  eprint    = {1712.03400},
  timestamp = {Thu, 14 Oct 2021 09:18:00 +0200},
  biburl    = {https://dblp.org/rec/journals/corr/abs-1712-03400.bib},
  bibsource = {dblp computer science bibliography, https://dblp.org}
}

@article{2,
  author    = {Liang{-}Chieh Chen and
               Yukun Zhu and
               George Papandreou and
               Florian Schroff and
               Hartwig Adam},
  title     = {Encoder-Decoder with Atrous Separable Convolution for Semantic Image
               Segmentation},
  journal   = {CoRR},
  volume    = {abs/1802.02611},
  year      = {2018},
  url       = {http://arxiv.org/abs/1802.02611},
  eprinttype = {arXiv},
  eprint    = {1802.02611},
  timestamp = {Sat, 23 Jan 2021 01:20:31 +0100},
  biburl    = {https://dblp.org/rec/journals/corr/abs-1802-02611.bib},
  bibsource = {dblp computer science bibliography, https://dblp.org}
}

@article{3,
  author    = {Liang{-}Chieh Chen and
               Yukun Zhu and
               George Papandreou and
               Florian Schroff and
               Hartwig Adam},
  title     = {Encoder-Decoder with Atrous Separable Convolution for Semantic Image
               Segmentation},
  journal   = {CoRR},
  volume    = {abs/1802.02611},
  year      = {2018},
  url       = {http://arxiv.org/abs/1802.02611},
  eprinttype = {arXiv},
  eprint    = {1802.02611},
  timestamp = {Sat, 23 Jan 2021 01:20:31 +0100},
  biburl    = {https://dblp.org/rec/journals/corr/abs-1802-02611.bib},
  bibsource = {dblp computer science bibliography, https://dblp.org}
}

@article{4,
  author    = {Gustav Larsson and
               Michael Maire and
               Gregory Shakhnarovich},
  title     = {Learning Representations for Automatic Colorization},
  journal   = {CoRR},
  volume    = {abs/1603.06668},
  year      = {2016},
  url       = {http://arxiv.org/abs/1603.06668},
  eprinttype = {arXiv},
  eprint    = {1603.06668},
  timestamp = {Mon, 13 Aug 2018 16:46:43 +0200},
  biburl    = {https://dblp.org/rec/journals/corr/LarssonMS16.bib},
  bibsource = {dblp computer science bibliography, https://dblp.org}
}

@article{5,
  author    = {Manuel Ruder and
               Alexey Dosovitskiy and
               Thomas Brox},
  title     = {Artistic style transfer for videos},
  journal   = {CoRR},
  volume    = {abs/1604.08610},
  year      = {2016},
  url       = {http://arxiv.org/abs/1604.08610},
  eprinttype = {arXiv},
  eprint    = {1604.08610},
  timestamp = {Mon, 13 Aug 2018 16:46:25 +0200},
  biburl    = {https://dblp.org/rec/journals/corr/RuderDB16.bib},
  bibsource = {dblp computer science bibliography, https://dblp.org}
}

@article{6,
  author    = {Richard Zhang and
               Phillip Isola and
               Alexei A. Efros},
  title     = {Colorful Image Colorization},
  journal   = {CoRR},
  volume    = {abs/1603.08511},
  year      = {2016},
  url       = {http://arxiv.org/abs/1603.08511},
  eprinttype = {arXiv},
  eprint    = {1603.08511},
  timestamp = {Wed, 14 Aug 2019 08:23:33 +0200},
  biburl    = {https://dblp.org/rec/journals/corr/ZhangIE16.bib},
  bibsource = {dblp computer science bibliography, https://dblp.org}
}